<?xml version="1.0" encoding="UTF-8"?><collection xmlns="http://www.loc.gov/MARC21/slim"><record><leader>00460nam--2200133-i-4500</leader><controlfield tag="001">000020398</controlfield><controlfield tag="002">20161230</controlfield><controlfield tag="005">20161230201033</controlfield><controlfield tag="008">060222s1000------------r-----000-0-eng-d</controlfield><datafield ind1=" " ind2=" " tag="080"><subfield code="a">620.179.15(043)</subfield></datafield><datafield ind1=" " ind2=" " tag="100"><subfield code="a">Constantinescu, Bogdan</subfield></datafield><datafield ind1=" " ind2=" " tag="245"><subfield code="a">Iradierea in strat subtire cu particule incarcate si aplicatiile ei in determinari cantitative si de comportare a materialelor. teza</subfield></datafield><datafield ind1=" " ind2=" " tag="260"><subfield code="a">Bucuresti, Institutul Central De Fizica, 1987. 198 P</subfield></datafield><datafield ind1=" " ind2=" " tag="852"><subfield code="a">73948</subfield></datafield></record></collection>